@article{lommel1889photometrie,
  title={Die Photometrie der diffusen Zur{\"u}ckwerfung},
  author={{von Lommel}, Eugene},
  journal={Annalen der Physik},
  year={1889},
  volume={272},
  number={2},
  pages={473--502},
}

@article{heitz2015sggx,
  title={The SGGX microflake distribution},
  author={Heitz, Eric and Dupuy, Jonathan and Crassin, Cyril and Dachsbacher, Carsten},
    journal = {ACM Trans. Graph.},
  volume={34},
  number={4},
  pages={1--11},
  year={2015},
  publisher={ACM New York, NY, USA}
}

@article{jarabo2018radiative,
  title={A radiative transfer framework for spatially-correlated materials},
  author={Jarabo, Adrian and Aliaga, Carlos and Gutierrez, Diego},
    journal = {ACM Trans. Graph.},
  volume={37},
  number={4},
  pages={1--13},
  year={2018},
  publisher={ACM New York, NY, USA}
}

@article{bitterli2018radiative,
  title={A radiative transfer framework for non-exponential media},
  author={Bitterli, Benedikt and Ravichandran, Srinath and M{\"u}ller, Thomas and Wrenninge, Magnus and Nov{\'a}k, Jan and Marschner, Steve and Jarosz, Wojciech},
    journal = {ACM Trans. Graph.},
  volume={37},
  number={6},
  pages={225},
  year={2018},
  publisher={Association for Computing Machinery}
}

@article{novak2018monte,
  title={Monte Carlo methods for volumetric light transport simulation},
  author={Nov{\'a}k, Jan and Georgiev, Iliyan and Hanika, Johannes and Jarosz, Wojciech},
  journal={Computer Graphics Forum},
  volume={37},
  number={2},
  pages={551--576},
  year={2018},
}

@article{jarabo2018bidirectional,
  title={Bidirectional rendering of vector light transport},
  author={Jarabo, Adrian and Arellano, Victor},
  journal={Computer Graphics Forum},
  volume={37},
  number={6},
  pages={96--105},
  year={2018},
}

@article{bar2019monte,
  title={A Monte Carlo framework for rendering speckle statistics in scattering media},
  author={Bar, Chen and Alterman, Marina and Gkioulekas, Ioannis and Levin, Anat},
    journal = {ACM Trans. Graph.},
  volume={38},
  number={4},
  pages={1--22},
  year={2019},
  publisher={ACM New York, NY, USA}
}

@article{guillen2020general,
  title={A general framework for pearlescent materials},
  author={Guill{\'e}n, Ib{\'o}n and Marco, Julio and Gutierrez, Diego and Jakob, Wenzel and Jarabo, Adrian},
    journal = {ACM Trans. Graph.},
  volume={39},
  number={6},
  pages={1--15},
  year={2020},
  publisher={ACM New York, NY, USA}
}

@article{xia2020wave,
  title={A wave optics based fiber scattering model},
  author={Xia, Mengqi and Walter, Bruce and Michielssen, Eric and Bindel, David and Marschner, Steve},
    journal = {ACM Trans. Graph.},
  volume={39},
  number={6},
  pages={1--16},
  year={2020},
  publisher={ACM New York, NY, USA}
}

@article{bar2020rendering,
  title={Rendering near-field speckle statistics in scattering media},
  author={Bar, Chen and Gkioulekas, Ioannis and Levin, Anat},
    journal = {ACM Trans. Graph.},
  volume={39},
  number={6},
  pages={1--18},
  year={2020},
  publisher={ACM New York, NY, USA}
}

@article{gutierrez2008visualizing,
  title={Visualizing underwater ocean optics},
  author={Gutierrez, Diego and Seron, Francisco J and Munoz, Adolfo and Anson, Oscar},
  journal={Computer Graphics Forum},
  volume={27},
  number={2},
  pages={547--556},
  year={2008},
}

@article{gkioulekas2013understanding,
  title={Understanding the role of phase function in translucent appearance},
  author={Gkioulekas, Ioannis and Xiao, Bei and Zhao, Shuang and Adelson, Edward H and Zickler, Todd and Bala, Kavita},
    journal = {ACM Trans. Graph.},
  volume={32},
  number={5},
  pages={1--19},
  year={2013},
  publisher={ACM New York, NY, USA}
}

@article{sadeghi2012physically,
  title={Physically-based simulation of rainbows},
  author={Sadeghi, Iman and Munoz, Adolfo and Laven, Philip and Jarosz, Wojciech and Seron, Francisco and Gutierrez, Diego and Jensen, Henrik Wann},
    journal = {ACM Trans. Graph.},
  volume={31},
  number={1},
  pages={1--12},
  year={2012},
  publisher={ACM New York, NY, USA}
}
@article{muller2016efficient,
  title={Efficient rendering of heterogeneous polydisperse granular media},
  author={M{\"u}ller, Thomas and Papas, Marios and Gross, Markus and Jarosz, Wojciech and Nov{\'a}k, Jan},
    journal = {ACM Trans. Graph.},
  volume={35},
  number={6},
  pages={1--14},
  year={2016},
  publisher={ACM New York, NY, USA}
}

@article{meng2015multi,
  title={Multi-scale modeling and rendering of granular materials.},
  author={Meng, Johannes and Papas, Marios and Habel, Ralf and Dachsbacher, Carsten and Marschner, Steve and Gross, Markus H and Jarosz, Wojciech},
  journal={ACM Trans. Graph.},
  volume={34},
  number={4},
  pages={49--1},
  year={2015},
  publisher={Citeseer}
}

@article{aliaga2017appearance,
  title={An appearance model for textile fibers},
  author={Aliaga, Carlos and Castillo, Carlos and Gutierrez, Diego and Otaduy, Miguel A and Lopez-Moreno, Jorge and Jarabo, Adrian},
  journal={Computer Graphics Forum},
  volume={36},
  number={4},
  pages={35--45},
  year={2017},
}

@article{dong2015predicting,
  title={Predicting appearance from measured microgeometry of metal surfaces},
  author={Dong, Zhao and Walter, Bruce and Marschner, Steve and Greenberg, Donald P},
    journal = {ACM Trans. Graph.},
  volume={35},
  number={1},
  pages={1--13},
  year={2015},
  publisher={ACM New York, NY, USA}
}

@article{jackel1997modeling,
  title={Modeling and rendering of the atmosphere using Mie-scattering},
  author={Jackel, Dietmar and Walter, Bruce},
  journal={Computer Graphics Forum},
  volume={16},
  number={4},
  pages={201--210},
  year={1997},
}

@article{guo2021rendering,
  title={Rendering Discrete Participating Media with Geometrical Optics Approximation},
  author={Guo, Jie and Hu, Bingyang and Chen, Yanjun and Li, Yuanqi and Guo, Yanwen and Yan, Ling-Qi},
  journal={arXiv preprint arXiv:2102.12285},
  year={2021}
}

@article{horvath2009gustav,
  title={Gustav Mie and the scattering and absorption of light by particles: Historic developments and basics},
  author={Horvath, Helmuth},
  journal={Journal of Quantitative Spectroscopy and Radiative Transfer},
  volume={110},
  number={11},
  pages={787--799},
  year={2009},
  publisher={Elsevier}
}

@article{glantschnig1981light,
  title={Light scattering from water droplets in the geometrical optics approximation},
  author={Glantschnig, Werner J and Chen, Sow-Hsin},
  journal={Applied Optics},
  volume={20},
  number={14},
  pages={2499--2509},
  year={1981},
  publisher={Optical Society of America}
}

@article{mackowski1996calculation,
  title={Calculation of the T matrix and the scattering matrix for ensembles of spheres},
  author={Mackowski, Daniel W and Mishchenko, Michael I},
  journal={JOSA A},
  volume={13},
  number={11},
  pages={2266--2278},
  year={1996},
  publisher={Optical Society of America}
}

@article{peterson1973t,
  title={T matrix for electromagnetic scattering from an arbitrary number of scatterers and representations of E (3)},
  author={Peterson, Bo and Str{\"o}m, Staffan},
  journal={Physical review D},
  volume={8},
  number={10},
  pages={3661},
  year={1973},
  publisher={APS}
}

@article{mackowski2011multiple,
  title={A multiple sphere T-matrix Fortran code for use on parallel computer clusters},
  author={Mackowski, Daniel W and Mishchenko, Michael I},
  journal={Journal of Quantitative Spectroscopy and Radiative Transfer},
  volume={112},
  number={13},
  pages={2182--2192},
  year={2011},
  publisher={Elsevier}
}

@article{waterman1965matrix,
  title={Matrix formulation of electromagnetic scattering},
  author={Waterman, PC},
  journal={Proceedings of the IEEE},
  volume={53},
  number={8},
  pages={805--812},
  year={1965},
  publisher={IEEE}
}

@article{wu1977scattering,
  title={Scattering by arbitrarily cross-sectioned layered, lossy dielectric cylinders},
  author={Wu, Te-Kao and Tsai, L},
  journal={IEEE Transactions on Antennas and Propagation},
  volume={25},
  number={4},
  pages={518--524},
  year={1977},
  publisher={IEEE}
}

@article{frisvad2007computing,
  title={Computing the scattering properties of participating media using Lorenz-Mie theory},
  author={Frisvad, Jeppe Revall and Christensen, Niels J{\o}rgen and Jensen, Henrik Wann},
    journal = {ACM Trans. Graph.},
  volume={26},
  number={3},
  pages={60--es},
  year={2007},
  publisher={ACM New York, NY, USA}
}
@article{zhao2011building,
  title={Building volumetric appearance models of fabric using micro CT imaging},
  author={Zhao, Shuang and Jakob, Wenzel and Marschner, Steve and Bala, Kavita},
    journal = {ACM Trans. Graph.},
  volume={30},
  number={4},
  pages={1--10},
  year={2011},
  publisher={ACM New York, NY, USA}
}

@article{henyey1941diffuse,
  title={Diffuse radiation in the galaxy},
  author={Henyey, Louis G and Greenstein, Jesse Leonard},
  journal={The Astrophysical Journal},
  volume={93},
  pages={70--83},
  year={1941}
}

@article{steinberg2020accurate,
  title={Accurate Rendering of Liquid-Crystals and Inhomogeneous Optically Anisotropic Media},
  author={Steinberg, Shlomi},
    journal = {ACM Trans. Graph.},
  volume={39},
  number={3},
  pages={1--23},
  year={2020},
  publisher={ACM New York, NY, USA}
}

@inproceedings{wilkie2001combined,
  title={Combined rendering of polarization and fluorescence effects},
  author={Wilkie, Alexander and Tobler, Robert F and Purgathofer, Werner},
  booktitle={Eurographics Workshop on Rendering Techniques},
  pages={197--204},
  year={2001},
  organization={Springer}
}

@article{weidlich2008realistic,
  title={Realistic rendering of birefringency in uniaxial crystals},
  author={Weidlich, Andrea and Wilkie, Alexander},
  journal={ACM Transactions on Graphics (TOG)},
  volume={27},
  number={1},
  pages={1--12},
  year={2008},
  publisher={ACM New York, NY, USA}
}

@inproceedings{mishchenko2013125,
  title={125 years of radiative transfer: Enduring triumphs and persisting misconceptions},
  author={Mishchenko, Michael I},
  booktitle={AIP Conference Proceedings},
  volume={1531},
  number={1},
  pages={11--18},
  year={2013},
  organization={American Institute of Physics}
}

@article{ament2014refractive,
  title={Refractive radiative transfer equation},
  author={Ament, Marco and Bergmann, Christoph and Weiskopf, Daniel},
  journal = {ACM Trans. Graph.},
  volume={33},
  number={2},
  pages={1--22},
  year={2014},
  publisher={ACM New York, NY, USA}
}


@article{jakob2010radiative,
  title={A radiative transfer framework for rendering materials with anisotropic structure},
  author={Jakob, Wenzel and Arbree, Adam and Moon, Jonathan T and Bala, Kavita and Marschner, Steve},
  journal = {ACM Trans. Graph.},
  volume={29},
  number={4},
  pages={1--13},
  year={2010},
  publisher={ACM New York, NY, USA}
}

@article{Zhang:2020:PSDR,
    author = {Zhang, Cheng and Miller, Bailey and Yan, Kai and Gkioulekas, Ioannis and Zhao, Shuang},
    title = {Path-space differentiable rendering},
    year = {2020},
    volume = {39},
    number = {4},
    journal = {ACM Trans. Graph.},
    pages = {143:1--143:19}
}

@book{veach1997robust,
	title={Robust Monte Carlo methods for light transport simulation},
	author={Veach, Eric},
	volume={1610},
	year={1997},
	publisher={Stanford University PhD thesis}
}

@incollection{pauly2000metropolis,
  title={Metropolis light transport for participating media},
  author={Pauly, Mark and Kollig, Thomas and Keller, Alexander},
  booktitle={Rendering Techniques 2000},
  pages={11--22},
  year={2000},
  publisher={Springer}
}

@article{Nimier-David:2020,
    author = {Nimier-David, Merlin and Speierer, S\'{e}bastien and Ruiz, Beno\^{\i}t and Jakob, Wenzel},
    title = {Radiative backpropagation: an adjoint method for lightning-fast differentiable rendering},
    year = {2020},
    volume = {39},
    number = {4},
    journal = {ACM Trans. Graph.},
    articleno = {146},
    pages = {146:1--146:15}
}

@article{Zhang:2019:DTRT,
    author = {Zhang, Cheng and Wu, Lifan and Zheng, Changxi and Gkioulekas, Ioannis and Ramamoorthi, Ravi and Zhao, Shuang},
    title = {A differential theory of radiative transfer},
    year = {2019},
    volume = {38},
    number = {6},
    journal = {ACM Trans. Graph.},
    pages = {227:1--227:16}
}

@book{chandrasekhar1960radiative,
	title={Radiative transfer},
	author={Chandrasekhar, Subrahmanyan},
	year={1960},
	publisher={Courier Corporation}
} 

@article{Falster:2020:Computing,
  author = {Falster, Viggo and Jarabo, Adrian and Frisvad, Jeppe Revall},
  title = {Computing the Bidirectional Scattering of a Microstructure Using Scalar Diffraction Theory and Path Tracing},
  year = {2020},
  volume = {39},
  number = {7},
  journal = {Computer Graphics Forum},
}

@article{Holzschuch:2017:Two,
  title={A two-scale microfacet reflectance model combining reflection and diffraction},
  author={Holzschuch, Nicolas and Pacanowski, Romain},
  journal = {ACM Trans. Graph.},
  volume={36},
  number={4},
  year={2017},
  _pages = {66:1--66:12},
  _doi = {10.1145/3072959.3073621},
  publisher={ACM}
}


@article{Toisoul:2017:practical,
  title={Practical acquisition and rendering of diffraction effects in surface reflectance},
  author={Toisoul, Antoine and Ghosh, Abhijeet},
  journal = {ACM Trans. Graph.},
  volume={36},
  number={5},
  _doi = {10.1145/3072959.3012001},
  _pages={64c:1--64c:16},
  year={2017},
}

@article{Werner:2017:ScratchIridescence,
 author = {Werner, Sebastian and Velinov, Zdravko and Jakob, Wenzel and Hullin, Matthias B.},
 title = {Scratch Iridescence: Wave-optical Rendering of Diffractive Surface Structure},
  journal = {ACM Trans. Graph.},
 volume = {36},
 number = {6},
 year = {2017},
 issn = {0730-0301},
 _pages = {207:1--207:14},
 publisher = {ACM}
}

@article{Yan:2018:WavesMicrogeometry,
  title     = {Rendering specular microgeometry with wave optics},
  author    = {Yan, Ling-Qi and Ha{\v{s}}an, Milo{\v{s}} and Walter, Bruce and Marschner, Steve and Ramamoorthi, Ravi},
  journal = {ACM Trans. Graph.},
  volume    = {37},
  number    = {4},
  year      = {2018},
  _doi = {10.1145/3197517.3201351},
  _pages = {75:1--75:10},
  publisher = {ACM}
}

@article{Cuypers:2012:Diffraction,
  author = {Cuypers, Tom and Haber, Tom and Bekaert, Philippe and Oh, Se Baek and Raskar, Ramesh},
  title = {Reflectance Model for Diffraction},
  journal = {ACM Trans. Graph.},
  volume = {31},
  number = {5},
  year = {2012},
  issn = {0730-0301},
  _pages = {122:1--122:11},
  publisher = {ACM},
  address = {New York, NY, USA},
} 


@article{Sun:2008:Interference,
  title        = {Interference shaders of thin films},
  author       = {Sun, Yinlong and Wang, Qiqi},
  journal      = {Computer Graphics Forum},
  volume       = {27},
  number       = {6},
  _pages        = {1607--1631},
  year         = {2008},
  organization = {Eurographics Association}
}

@article{Belcour:2017:Iridescence,
  title     = {A practical extension to microfacet theory for the modeling of varying iridescence},
  author    = {Belcour, Laurent and Barla, Pascal},
  journal = {ACM Trans. Graph.},
  volume    = {36},
  number    = {4},
  year      = {2017},
  _pages = {65:1--65:14},
  publisher = {ACM}
}

@inproceedings{Gondek:1994:WavelengthDependent,
  title     = {Wavelength dependent reflectance functions},
  author    = {Gondek, Jay S. and Meyer, Gary W. and Newman, Jonathan G.},
  booktitle = {Proceedings of SIGGRAPH'94},
  isbn      = {0-89791-667-0},
  _pages     = {213--220},
  year      = {1994},
}

@article{Steinberg:2019:Analytic,
  title={Analytic Spectral Integration of Birefringence-Induced Iridescence},
  author={Steinberg, Shlomi},
  journal={Computer Graphics Forum},
  volume={38},
  number={4},
  _pages={97--110},
  year={2019},
}

@inproceedings{Stam:1999:DiffractionShaders,
  title = {Diffraction Shaders},
  author = {Stam, Jos},
  booktitle = {Proceedings of SIGGRAPH'99},
  isbn = {0-201-48560-5},
  _pages = {101--110},
  year = {1999},
}

@article{krywonos2011linear,
  title={Linear systems formulation of scattering theory for rough surfaces with arbitrary incident and scattering angles},
  author={Krywonos, Andrey and Harvey, James E and Choi, Narak},
  journal={JOSA A},
  volume={28},
  number={6},
  pages={1121--1138},
  year={2011},
  publisher={Optical Society of America}
}

@article{harvey1979fourier,
  title={Fourier treatment of near-field scalar diffraction theory},
  author={Harvey, James E},
  journal={American Journal of Physics},
  volume={47},
  number={11},
  pages={974--980},
  year={1979},
  publisher={American Association of Physics Teachers}
}

@article{frisvad2020survey,
  title={Survey of models for acquiring the optical properties of translucent materials},
  author={Frisvad, Jeppe Revall and Jensen, S{\o}ren Alk{\ae}rsig and Madsen, Jonas Skovlund and Correia, Ant{\^o}nio and Yang, Li and Gregersen, S{\O}ren Kimmer Schou and Meuret, Youri and Hansen, P-E},
  journal={Computer Graphics Forum},
  volume={39},
  number={2},
  pages={729--755},
  year={2020},
}

@article{he1991comprehensive,
  title={A comprehensive physical model for light reflection},
  author={He, Xiao D and Torrance, Kenneth E and Sillion, Francois X and Greenberg, Donald P},
  journal={ACM SIGGRAPH computer graphics},
  volume={25},
  number={4},
  pages={175--186},
  year={1991},
  publisher={ACM New York, NY, USA}
}

@incollection{Smits:1992:Newton,
  title={Newton’s colors: simulating interference phenomena in realistic image synthesis},
  author={Smits, Brian E. and Meyer, Gary W.},
  booktitle={Photorealism in Computer Graphics},
  _pages={185--194},
  year={1992},
  publisher={Springer}
}

@article{musbach2013full,
  title={Full wave modelling of light propagation and reflection},
  author={Musbach, A and Meyer, GW and Reitich, F and Oh, SH},
  journal={Computer Graphics Forum},
  volume={32},
  number={6},
  pages={24--37},
  year={2013},
}

@inproceedings{moravec19813d,
  title={3d graphics and the wave theory},
  author={Moravec, Hans P},
  booktitle = {Proceedings of SIGGRAPH'83},
  pages={289--296},
  year={1981}
}


@book{mishchenko2014electromagnetic,
  title={Electromagnetic scattering by particles and particle groups: an introduction},
  author={Mishchenko, Michael I},
  year={2014},
  publisher={Cambridge University Press}
}

@book{mishchenko2006multiple,
  title={Multiple scattering of light by particles: radiative transfer and coherent backscattering},
  author={Mishchenko, Michael I and Travis, Larry D and Lacis, Andrew A},
  year={2006},
  publisher={Cambridge University Press}
}

@article{foldy1945multiple,
  title={The multiple scattering of waves. I. General theory of isotropic scattering by randomly distributed scatterers},
  author={Foldy, Leslie L},
  journal={Physical review},
  volume={67},
  number={3-4},
  pages={107},
  year={1945},
  publisher={APS}
}

@article{lax1951multiple,
  title={Multiple scattering of waves},
  author={Lax, Melvin},
  journal={Reviews of Modern Physics},
  volume={23},
  number={4},
  pages={287},
  year={1951},
  publisher={APS}
}

@article{mishchenko2002vector,
  title={Vector radiative transfer equation for arbitrarily shaped and arbitrarily oriented particles: a microphysical derivation from statistical electromagnetics},
  author={Mishchenko, Michael I},
  journal={Applied optics},
  volume={41},
  number={33},
  pages={7114--7134},
  year={2002},
  publisher={Optical Society of America}
}

@book{tsang1985theory,
  title={Theory of microwave remote sensing},
  author={Tsang, Leung and Kong, Jin Au and Shin, Robert T},
  year={1985},
  publisher={John Wiley \& Sons}
}

@book{hulst1981light,
  title={Light scattering by small particles},
  author={{van der Hulst}, Hendrik Christoffel},
  year={1981},
  publisher={Courier Corporation}
}


@article{egel2017celes,
  title={CELES: CUDA-accelerated simulation of electromagnetic scattering by large ensembles of spheres},
  author={Egel, Amos and Pattelli, Lorenzo and Mazzamuto, Giacomo and Wiersma, Diederik S and Lemmer, Uli},
  journal={Journal of Quantitative Spectroscopy and Radiative Transfer},
  volume={199},
  pages={103--110},
  year={2017},
  publisher={Elsevier}
}

@article{shaw2002super,
  title={Super-exponential extinction of radiation in a negatively correlated random medium},
  author={Shaw, Raymond A and Kostinski, Alexander B and Lanterman, Daniel D},
  journal={Journal of quantitative spectroscopy and radiative transfer},
  volume={75},
  number={1},
  pages={13--20},
  year={2002},
  publisher={Elsevier}
}

@inproceedings {zhang2020granular,
    booktitle = {Eurographics Symposium on Rendering},
    title = {Multi-Scale Appearance Modeling of Granular Materials with Continuously Varying Grain Properties},
    author = {Zhang, Cheng and Zhao, Shuang},
    year = {2020},
    publisher = {The Eurographics Association}
}

@misc{laven2011mieplot,
  title={MiePlot},
  author={Laven, Philip},
  howpublished={\url{http://www.philiplaven.com/mieplot.htm}},
  year={2011}
}

@article{steinberg2021generic,
 	title={A generic framework for physical light transport},
 	volume={40},
 	number={4},
 	journal={ACM Trans. Graph.},
 	author={Steinberg, Shlomi and Yan, Ling-Qi},
 	year={2021},
 	pages={1–20}
 }

@inproceedings{kajiya1986rendering,
  title={The rendering equation},
  author={Kajiya, James T},
  booktitle={Proceedings of SIGGRAPH'86},
  pages={143--150},
  year={1986}
}